@article{shaninpoor98,
AUTHOR      ={Shahinpoor, M. AND Bar-Cohen, Y. AND Simpson, J.O. AND Smith, J.},
TITLE       ={"{Ionic polymer-metal composites (IPMCs) as biomimetic sensors, actuators and artificial muscles —- a review}"},
JOURNAL     ={Smart Mater. Struct.},
VOLUME      ={7},
YEAR        ={1998},
PAGES       ={R15--R30},
}
